<record><leader>00000cas a2200000 a 4500</leader><controlfield tag="001">17660250</controlfield><controlfield tag="008">880322c19389999waumr ne      0    0eng d</controlfield><datafield ind1=" " ind2=" " tag="010"><subfield code="a">sn 88085599 </subfield></datafield><datafield ind1=" " ind2=" " tag="040"><subfield code="a">SLZ</subfield><subfield code="b">eng</subfield><subfield code="c">SLZ</subfield><subfield code="d">OCL</subfield><subfield code="d">OCLCQ</subfield><subfield code="d">OCLCF</subfield><subfield code="d">OCLCO</subfield><subfield code="d">OCL</subfield></datafield><datafield ind1=" " ind2=" " tag="042"><subfield code="a">msc</subfield></datafield><datafield ind1=" " ind2=" " tag="043"><subfield code="a">n-us-wa</subfield></datafield><datafield ind1="0" ind2="0" tag="245"><subfield code="a">Republican call.</subfield></datafield><datafield ind1=" " ind2=" " tag="260"><subfield code="a">Seattle [Wash.] :</subfield><subfield code="b">Republican Call</subfield></datafield><datafield ind1=" " ind2=" " tag="300"><subfield code="a">v.</subfield></datafield><datafield ind1="0" ind2=" " tag="362"><subfield code="a">V. 7, no. 19 (July 8, 1938)-</subfield></datafield><datafield ind1="2" ind2="0" tag="610"><subfield code="a">Republican Party (U.S. : 1854- )</subfield></datafield><datafield ind1="2" ind2="7" tag="610"><subfield code="a">Republican Party (U.S. : 1854- )</subfield><subfield code="2">fast</subfield><subfield code="0">(OCoLC)fst00544975</subfield></datafield><datafield ind1=" " ind2=" " tag="752"><subfield code="a">United States</subfield><subfield code="b">Washington</subfield><subfield code="c">King</subfield><subfield code="d">Seattle.</subfield></datafield><datafield ind1="0" ind2="0" tag="780"><subfield code="t">Republican state call</subfield></datafield><datafield ind1="1" ind2=" " tag="029"><subfield code="a">AU@</subfield><subfield code="b">000022176661</subfield></datafield></record>